@INPROCEEDINGS{9197465,  author={B. {Balaji} and S. {Mallya} and S. {Genc} and S. {Gupta} and L. {Dirac} and V. {Khare} and G. {Roy} and T. {Sun} and Y. {Tao} and B. {Townsend} and E. {Calleja} and S. {Muralidhara} and D. {Karuppasamy}},  booktitle={2020 IEEE International Conference on Robotics and Automation (ICRA)},   title={DeepRacer: Autonomous Racing Platform for Experimentation with Sim2Real Reinforcement Learning},   year={2020},  volume={},  number={},  pages={2746-2754},  doi={10.1109/ICRA40945.2020.9197465}}

@article{caspi10reinforcement,
  title={Reinforcement learning coach, December 2017},
  author={Caspi, Itai and Leibovich, Gal and Novik, Gal and Endrawis, Shadi},
  journal={URL https://doi. org/10.5281/zenodo},
  volume={1134899}
}

@article{brockman2016openai,
  title={Openai gym},
  author={Brockman, Greg and Cheung, Vicki and Pettersson, Ludwig and Schneider, Jonas and Schulman, John and Tang, Jie and Zaremba, Wojciech},
  journal={arXiv preprint arXiv:1606.01540},
  year={2016}
}

@article{schulman2017proximal,
  title={Proximal policy optimization algorithms},
  author={Schulman, John and Wolski, Filip and Dhariwal, Prafulla and Radford, Alec and Klimov, Oleg},
  journal={arXiv preprint arXiv:1707.06347},
  year={2017}
}

@INPROCEEDINGS{7830823,  author={W. {Xia} and H. {Li} and B. {Li}},  booktitle={2016 9th International Symposium on Computational Intelligence and Design (ISCID)},   title={A Control Strategy of Autonomous Vehicles Based on Deep Reinforcement Learning},   year={2016},  volume={2},  number={},  pages={198-201},  doi={10.1109/ISCID.2016.2054}}
